<?xml version="1.0" encoding="UTF-8"?><collection xmlns="http://www.loc.gov/MARC21/slim"><record><leader>00476nam--2200145-i-4500</leader><controlfield tag="001">000040541</controlfield><controlfield tag="002">20161230</controlfield><controlfield tag="005">20161230201042</controlfield><controlfield tag="008">060222s1000------------r-----000-0-eng-d</controlfield><datafield ind1=" " ind2=" " tag="100"><subfield code="a">Schmets,J., Garnir,H.G., Wilde,M.De</subfield></datafield><datafield ind1=" " ind2=" " tag="245"><subfield code="a">Analyse fonctionnelle. theorie constructive des espaces lineaires a semi-normes. t.1:theorie generale</subfield></datafield><datafield ind1=" " ind2=" " tag="260"><subfield code="a">Basel, Birkhauser Verlag, 1968. X+562 P</subfield></datafield><datafield ind1=" " ind2=" " tag="490"><subfield code="a">Mathematische Reihe</subfield></datafield><datafield ind1=" " ind2=" " tag="852"><subfield code="a">30705</subfield><subfield code="c">517</subfield></datafield><datafield ind1=" " ind2=" " tag="CAT"><subfield code="a">Sys</subfield><subfield code="c">20080618</subfield><subfield code="h">134836</subfield></datafield></record></collection>